@article{einstein,
  author =       "Albert Einstein",
  title =        "{Zur Elektrodynamik bewegter K{\"o}rper}. ({German})
                  [{On} the electrodynamics of moving bodies]",
  journal =      "Annalen der Physik",
  volume =       322,
  number =       10,
  pages =        "891--921",
  year =         1905,
  OPTurl =          "http://dx.doi.org/10.1002/andp.19053221004",
  doi = {10.1002/andp.19053221004}
}

@book{latexcompanion,
  author =       "Michel Goossens and Frank Mittelbach and Alexander
                  Samarin",
  title =        "The \LaTeX\ Companion",
  year =         1993,
  publisher =    "Addison-Wesley",
  address =      "Reading, Massachusetts"
}

% Esta es una contribución de Javier Valero Cejudo (egresado del Máster TWCAM).
% En el título hay que poner llaves para que respete las mayúsculas
@misc{ETSE:online,
  title =        {{TFM}s {ETSE-UV}},
  howpublished =                 {\url{https://www.uv.es/uvweb/ingenieria/es/estudios-postgrado/masteres-oficiales/trabajo-fin-master-1285845343824.html}},
  note =         {(Consultado el 01/05/2021)}
}

# Dos ejemplos para citar un informe técnico
@techreport{NIST:Cloud-2011,
  title       = {{The NIST Definition of Cloud Computing}},
  author      = {Mell, Peter and Grance, Timothy},
  year        = {2011},
  institution = {{NIST}},
  type        = {{NIST Special Publication}},
  number      = {800-145},
  doi         = {10.6028/NIST.SP.800-145},
  url         = {https://doi.org/10.6028/NIST.SP.800-145}
}

@techreport{OWASP:Top10-2017,
  title       = {{OWASP Top 10: The Ten Most Critical Web Application Security Risks}},
  author      = {van der Stock, Andrew and Glas, Brian and Smithline, Neil and Gigler, Torsten},
  year        = {2017},
  institution = {{OWASP}},
  url         = {https://github.com/OWASP/Top10/raw/master/2017/OWASP%20Top%2010-2017%20(en).pdf}
}
